% escad
% Copyright (C) 2022 Markus Kollmar

@book{math:taschenbuchdermathematik,
  author = {I. N. Bronstein and K. A. Semendjajew and Gerhard Musiol and Heiner MÃ¼hlig},
  year = {2008},
  title = {Taschenbuch der Mathematik},
  publisher = {Harri Deutsch GmbH},
  edition = {7},
  isbn = {978-3-8171-2017-8}
}

@misc{web:semver,
  author  = {Preston-Werner, Tom},
  title   = {Semantic Versioning 2.0.0},
  date    = {2022},
  url     = {https://semver.org/},
  urldate = {2022-01-23}
}